%% This BibTeX bibliography file was created using BibDesk.
%% http://bibdesk.sourceforge.net/


%% Created for Florian Bieringer at 2014-03-24 21:37:24 +0100 


%% Saved with string encoding Unicode (UTF-8) 



@webpage{jlib,
	Date-Added = {2014-03-24 20:31:49 +0000},
	Date-Modified = {2014-03-24 20:32:07 +0000},
	howpublished={\url{http://www.djlp.jugendliteratur.org/datenbanksuche/kinderbuch-2/artikel-die_wilden_piroggenpirate-3869.html}}
	Url = {http://www.djlp.jugendliteratur.org/datenbanksuche/kinderbuch-2/artikel-die_wilden_piroggenpirate-3869.html}}

@webpage{imdb2,
	Date-Added = {2014-03-24 20:31:34 +0000},
	Date-Modified = {2014-03-24 20:31:40 +0000},
	howpublished={\url{http://www.imdb.com/title/tt1261910/plotsummary}},
	Url = {http://www.imdb.com/title/tt1261910/plotsummary}}

@webpage{imdb,
	Date-Added = {2014-03-24 20:29:43 +0000},
	Date-Modified = {2014-03-24 20:30:20 +0000},
	Lastchecked = {22.03.2014 20:00},
	howpublished={\url{http://www.imdb.com/name/nm070125}},
	Url = {http://www.imdb.com/name/nm0701255}}

@book{pir,
	Date-Added = {2014-03-24 20:26:32 +0000},
	Date-Modified = {2014-03-24 20:35:45 +0000},
	Publisher = {Fischer Verlag},
	Read = {0},
	Year = {2012},
	Author = {Maris Putnins},
	Title = {Die wilden Piroggenpiraten}}

@book{LP GS 2000,
	Date-Added = {2014-03-24 20:26:32 +0000},
	Date-Modified = {2014-03-24 20:35:45 +0000},
	Publisher = {Bayerisches Staatsministerium für Unterricht und Kultus},
	Read = {0},
	Year = {Juli 2000},
	Author = {Bayerisches Staatsministerium für Unterricht und Kultus},
	Title = {Lehrplan für die Bayerische Grundschule}}
	
		
	@book{DIN A4,
	Date-Added = {2014-03-24 20:26:32 +0000},
	Date-Modified = {2014-03-24 20:35:45 +0000},
	Publisher = {edition vulpes},
	Read = {4. Auflage},
	Year = {November 2009},
	Author = {K. Gattermaier, U. Siebauer, A. Dörfler},
	Title = {Deutsch in A4}}

